<record><leader>00000cas a2200000 a 4500</leader><controlfield tag="001">1779507</controlfield><controlfield tag="008">751101d196u1979sz  x p       0    0eng c</controlfield><datafield ind1=" " ind2=" " tag="010"><subfield code="a">sn 98016050 </subfield></datafield><datafield ind1=" " ind2=" " tag="040"><subfield code="a">MUL</subfield><subfield code="b">eng</subfield><subfield code="c">MUL</subfield><subfield code="d">BTI</subfield><subfield code="d">ATL</subfield><subfield code="d">OCL</subfield><subfield code="d">OCLCQ</subfield></datafield><datafield ind1=" " ind2=" " tag="042"><subfield code="a">pcc</subfield></datafield><datafield ind1=" " ind2="4" tag="050"><subfield code="a">BX8001</subfield></datafield><datafield ind1="0" ind2="0" tag="245"><subfield code="a">LWF information =</subfield><subfield code="b">LWB information /</subfield><subfield code="c">Lutheran World Federation News Service.</subfield></datafield><datafield ind1="3" ind2="1" tag="246"><subfield code="a">LWB information</subfield></datafield><datafield ind1="3" ind2=" " tag="246"><subfield code="a">Lutheran World Federation information</subfield></datafield><datafield ind1=" " ind2=" " tag="260"><subfield code="a">Geneva :</subfield><subfield code="b">Lutheran World Federation,</subfield><subfield code="c">[-1979]</subfield></datafield><datafield ind1=" " ind2=" " tag="300"><subfield code="a">v. ;</subfield><subfield code="c">30 cm.</subfield></datafield><datafield ind1=" " ind2=" " tag="310"><subfield code="a">Irregular</subfield></datafield><datafield ind1="0" ind2=" " tag="362"><subfield code="a">-Release no. 42/79 (31. Dec. 1979).</subfield></datafield><datafield ind1=" " ind2=" " tag="525"><subfield code="a">Some issues for 1968 and 1970 accompanied by issues of the LWB photo service.</subfield></datafield><datafield ind1=" " ind2=" " tag="530"><subfield code="a">Also issued on microfilm by American Theological Library Association.</subfield></datafield><datafield ind1=" " ind2=" " tag="580"><subfield code="a">Issued also in German.</subfield></datafield><datafield ind1=" " ind2=" " tag="588"><subfield code="a">Description based on: Release no. 28/67; title from caption.</subfield></datafield><datafield ind1=" " ind2="0" tag="650"><subfield code="a">Lutheran Church</subfield><subfield code="v">Periodicals.</subfield></datafield><datafield ind1="2" ind2=" " tag="710"><subfield code="a">Lutheran World Federation.</subfield></datafield><datafield ind1="1" ind2=" " tag="775"><subfield code="t">LWB information</subfield></datafield><datafield ind1="1" ind2=" " tag="776"><subfield code="c">Microfilm</subfield><subfield code="d">American Theological Library Association</subfield><subfield code="w">(DLC)sn 98016051</subfield><subfield code="w">(OCoLC)38399232</subfield></datafield><datafield ind1="0" ind2="0" tag="780"><subfield code="t">Press service (Lutheran World Federation)</subfield><subfield code="w">(DLC)sn 99016193</subfield><subfield code="w">(OCoLC)5666400</subfield></datafield><datafield ind1="0" ind2="0" tag="785"><subfield code="t">LWinformation</subfield><subfield code="w">(DLC)sn 98016052</subfield><subfield code="w">(OCoLC)20963225</subfield></datafield><datafield ind1="1" ind2=" " tag="029"><subfield code="a">AU@</subfield><subfield code="b">000013765852</subfield></datafield></record>